@inproceedings{Bonelli_2016,
author = {Bonelli, Mat{\'{i}}as and Begliardo, Hugo},
mendeley-groups = {Memoria/Presentacion},
title = {{Optimizaci{\'{o}}n de armaduras planas mediante dise{\~{n}}o param{\'{e}}trico y algoritmos gen{\'{e}}ticos: Efectos de la no correspondencia objeto real ? Modelo idealizado}},
year = {2016}
}
@article{Pereyra2017,
abstract = {El dise{\~{n}}o {\'{o}}ptimo de una red de distribuci{\'{o}}n de agua consiste en minimizar el costo de la red cumpliendo ciertas restricciones: presi{\'{o}}n m{\'{i}}nima, caudal, velocidad del agua etc. Los algoritmos gen{\'{e}}ticos (AGs.) han demostrado ser m{\'{e}}todos eficaces en cuanto a buena aproximaci{\'{o}}n, calidad y tiempo de c{\'{o}}mputo, al resolver este tipo problemas de optimizaci{\'{o}}n que, por sus caracter{\'{i}}sticas, pertenece a un problema NP-Duro. El dise{\~{n}}o de una red de distribuci{\'{o}}n de agua se rige por ecuaciones lineales y no lineales que se resuelven por el m{\'{e}}todo de Newton-Raphson. Para resolver este problema se han utilizado los siguientes AGs: Crossover elitism population, Half uniform crossover combination, Cataclysm mutation (CHC) y el Algoritmo Gen{\'{e}}tico can{\'{o}}nico, aplicados a redes cl{\'{a}}sicas de distribuci{\'{o}}n de aguas como la red de Alperovits y Shamir y la red de Nueva York. Se obtuvieron resultados satisfactorios y de gran calidad, en ambos algoritmos propuestos.},
author = {Pereyra, Gabriel and Pandolfi, Daniel and Villagra, Andrea},
doi = {10.22305/ict-unpa.v9i1.236},
file = {:C$\backslash$:/Users/gsanh/Documents/Mendeley Desktop/Pereyra, Pandolfi, Villagra - 2017 - Dise{\~{n}}o y optimizaci{\'{o}}n de redes de distribuci{\'{o}}n de agua utilizando algoritmos gen{\'{e}}ticos.pdf:pdf},
issn = {1852-4516},
journal = {Informes Cient{\'{i}}ficos T{\'{e}}cnicos - UNPA},
keywords = {agua,algoritmo gen{\'{e}}tico,chc,optimizaci{\'{o}}n,redes de distribuci{\'{o}}n de},
mendeley-groups = {Memoria,Memoria/Referencias Usadas propuesta,Memoria/Referencias Usadas Doc Final,Memoria/Referencias Usadas Doc Final/Water Network,Memoria/Presentacion},
number = {1},
pages = {37--63},
title = {{Dise{\~{n}}o y optimizaci{\'{o}}n de redes de distribuci{\'{o}}n de agua utilizando algoritmos gen{\'{e}}ticos}},
volume = {9},
year = {2017}
}
@article{JHawanet-2019,
abstract = {Efficient design and management of water distribution networks is critical for conservation of water resources and minimization of both energy requirements and maintenance costs. Several computational routines have been proposed for the optimization of operational parameters that govern such networks. In particular, multi-objective evolutionary algorithms have proven to be useful both properly describing a network and optimizing its performance. Despite these computational advances, practical implementation of multi-objective optimization algorithms for water networks is an abstruse subject for researchers and engineers, particularly since efficient coupling between multi-objective algorithms and the hydraulic network model is required. Further, even if the coupling is successfully implemented, selecting the proper set of multi-objective algorithms for a given network, and addressing the quality of the obtained results (i.e., the approximate Pareto frontier) introduces additional complexities that further hinder the practical application of these algorithms. Here, we present an open-source project that couples the EPANET hydraulic network model with the jMetal framework for multi-objective optimization, allowing flexible implementation and comparison of different metaheuristic optimization algorithms through statistical quality assessment. Advantages of this project are discussed by comparing the performance of different multi-objective algorithms (i.e., NSGA-II, SPEA2, SMPSO) on case study water pump networks available in the literature.},
author = {Guti{\'{e}}rrez-Bahamondes, Jimmy H. and Salgueiro, Yamisleydi and Silva-Rubio, Sergio A. and Alsina, Marco A. and Mora-Meli{\'{a}}, Daniel and Fuertes-Miquel, Vicente S.},
doi = {10.3390/w11102018},
file = {:C$\backslash$:/Users/gsanh/Documents/Mendeley Desktop//Salgueiro - 2019 - jHawanet An Open-Source Project for the.pdf:pdf},
issn = {20734441},
journal = {Water (Switzerland)},
keywords = {EPANET,Hydraulic network modeling,JMetal,Multi-objective evolutionary algorithms,NSGA-II,Optimization,Water distribution networks},
mendeley-groups = {Memoria/Material profe guia,Memoria/Referencias Usadas propuesta,Memoria/Referencias Usadas Doc Final,Memoria/Referencias Usadas Doc Final/JHawanet,Memoria/Presentacion},
number = {10},
title = {{jHawanet: An open-source project for the implementation and assessment of multi-objective evolutionary algorithms on water distribution networks}},
volume = {11},
year = {2019}
}
@article{Deb2002,
abstract = {Multi-objective evolutionary algorithms (MOEAs) that use$\backslash$nnon-dominated sorting and sharing have been criticized mainly for: (1)$\backslash$ntheir O(MN{\textless}sup{\textgreater}3{\textless}/sup{\textgreater}) computational complexity (where M is the number$\backslash$nof objectives and N is the population size); (2) their non-elitism$\backslash$napproach; and (3) the need to specify a sharing parameter. In this$\backslash$npaper, we suggest a non-dominated sorting-based MOEA, called NSGA-II$\backslash$n(Non-dominated Sorting Genetic Algorithm II), which alleviates all of$\backslash$nthe above three difficulties. Specifically, a fast non-dominated sorting$\backslash$napproach with O(MN{\textless}sup{\textgreater}2{\textless}/sup{\textgreater}) computational complexity is presented.$\backslash$nAlso, a selection operator is presented that creates a mating pool by$\backslash$ncombining the parent and offspring populations and selecting the best N$\backslash$nsolutions (with respect to fitness and spread). Simulation results on$\backslash$ndifficult test problems show that NSGA-II is able, for most problems, to$\backslash$nfind a much better spread of solutions and better convergence near the$\backslash$ntrue Pareto-optimal front compared to the Pareto-archived evolution$\backslash$nstrategy and the strength-Pareto evolutionary algorithm - two other$\backslash$nelitist MOEAs that pay special attention to creating a diverse$\backslash$nPareto-optimal front. Moreover, we modify the definition of dominance in$\backslash$norder to solve constrained multi-objective problems efficiently.$\backslash$nSimulation results of the constrained NSGA-II on a number of test$\backslash$nproblems, including a five-objective, seven-constraint nonlinear$\backslash$nproblem, are compared with another constrained multi-objective$\backslash$noptimizer, and the much better performance of NSGA-II is observed},
author = {Deb, Kalyanmoy and Pratap, Amrit and Agarwal, Sameer and Meyarivan, T.},
doi = {10.1109/4235.996017},
file = {:C$\backslash$:/Users/gsanh/Documents/Mendeley Desktop//Deb et al. - 2002 - A fast and elitist multiobjective genetic algorithm NSGA-II.pdf:pdf},
issn = {1089778X},
journal = {IEEE Transactions on Evolutionary Computation},
keywords = {Constraint handling,Elitism,Genetic algorithms,Multicriterion decision making,Multiobjective optimization,Pareto-optimal solutions},
mendeley-groups = {Memoria,Memoria/Heuristics and Metaheuristics,Memoria/Referencias Usadas Doc Final,Memoria/Documentos de dise{\~{n}}o,Memoria/Referencias Usadas Doc Final/Metaheur{\'{i}}sticas,Memoria/Presentacion},
title = {{A fast and elitist multiobjective genetic algorithm: NSGA-II}},
year = {2002}
}
@book{Pressman2009,
abstract = {Title: Software Engineering A Practitioner's Approach 7th Ed - Roger S. Pressman SubTitle: ; Volume: ; Serie: ; Edition: 7 ; Authors: Pressman, Roger S. ; Year: 2009 ; Pages: 0 ; Editor: ; Publisher: McGraw Hill ; ISBN: 978-0-07-337597-7 ; Keywords: Engineering; Approach; Practitioner; Software; Pressman ;},
archivePrefix = {arXiv},
arxivId = {arXiv:1011.1669v3},
author = {Pressman, Roger S},
booktitle = {Software Engineering A Practitioner's Approach 7th Ed - Roger S. Pressman},
doi = {10.1017/CBO9781107415324.004},
edition = {7},
eprint = {arXiv:1011.1669v3},
file = {:C$\backslash$:/Users/gsanh/Documents/Mendeley Desktop//Suryn - 2014 - Software Quality Engineering A Practitioner's Approach.pdf:pdf},
isbn = {978-0-07-337597-7},
issn = {1098-6596},
keywords = {Approach,Engineering,Practitioner,Pressman,Software},
mendeley-groups = {Memoria/Software Metodology,Memoria/Referencias Usadas Doc Final,Memoria/Referencias Usadas Doc Final/Metodolog{\'{i}}a desarrollo,Memoria/Presentacion},
pmid = {25246403},
title = {{Software Engineering A Practitioner's Approach}},
year = {2009}
}
