@inproceedings{Nebro2015,
abstract = {jMetal, an open source, Java-based framework for multiobjective optimization with metaheuristics, has become a valuable tool for many researches in the area as well as for some industrial partners in the last ten years. Our experience using and maintaining it during that time, as well as the received comments and suggestions, have helped us improve the jMetal design and identify significant features to incorporate. This paper revisits the jMetal architecture, describing its refined new design, which relies on design patterns, principles from object-oriented design, and a better use of the Java language features to improve the quality of the code, without disregarding jMetal ever goals of simplicity, facility of use, flexibility, extensibility and portability. Among the newly incorporated features, jMetal supports live interaction with running algorithms and parallel execution of algorithms.},
author = {Nebro, Antonio J. and Durillo, Juan J. and Vergne, Matthieu},
booktitle = {GECCO 2015 - Companion Publication of the 2015 Genetic and Evolutionary Computation Conference},
doi = {10.1145/2739482.2768462},
file = {:C$\backslash$:/Users/gsanh/Documents/Mendeley Desktop//Nebro, Durillo, Vergne - 2016 - Redesigning the jMetal Multi-Objetive Optimization Framework.pdf:pdf},
isbn = {9781450334884},
keywords = {JMetal,Multi-objective metaheuristics,Open source,Optimization framework},
mendeley-groups = {Memoria/JMetal,Memoria/Documento de requisitos},
title = {{Redesigning the jMetal multi-objective optimization framework}},
year = {2015}
}
@article{Durillo2010,
abstract = {jMetal is a Java-based framework for multi-objective optimization using metaheuristics. It is a flexible, extensible, and easy-to-use software package that has been used in a wide range of applications. In this paper, we describe the design issues underlying jMetal, focusing mainly on its internal architecture, with the aim of offering a comprehensive view of its main features to interested researchers. Among the covered topics, we detail the basic components facilitating the implementation of multi-objective metaheuristics (solution representations, operators, problems, density estimators, archives), the included quality indicators to assess the performance of the algorithms, and jMetal's support to carry out full experimental studies. {\textcopyright} 2010 IEEE.},
author = {Durillo, Juan J. and Nebro, Antonio J. and Alba, Enrique},
doi = {10.1109/CEC.2010.5586354},
file = {:C$\backslash$:/Users/gsanh/Documents/Mendeley Desktop/Durillo, Nebro, Alba - 2010 - The jMetal framework for multi-objective optimization Design and architecture.pdf:pdf},
isbn = {9781424469109},
journal = {2010 IEEE World Congress on Computational Intelligence, WCCI 2010 - 2010 IEEE Congress on Evolutionary Computation, CEC 2010},
mendeley-groups = {Memoria/JMetal,Memoria/Referencias Usadas Doc Final,Memoria/Documento de requisitos},
pages = {1--8},
publisher = {IEEE},
title = {{The jMetal framework for multi-objective optimization: Design and architecture}},
year = {2010}
}
@book{Rossman2017,
author = {Rossman, Lewis},
file = {:C$\backslash$:/Users/gsanh/Documents/Mendeley Desktop/Rossman - 2017 - EPANET 2.0 en Espa{\~{n}}ol. Analisis Hidraulico y de Calidad del Agua en Redes de Distribuci{\'{o}}n de Agua. Manual del Usuario.pdf:pdf},
isbn = {978-84-697-2429-3},
mendeley-groups = {Memoria,Memoria/Referencias Usadas propuesta,Memoria/EPANET,Memoria/Referencias Usadas Doc Final,Memoria/Documento de requisitos},
pages = {282},
title = {{EPANET 2.0 en espa{\~{n}}ol.Analisis hidraulico y de calidad del agua en redes de distribuci{\'{o}}n de agua. manual del usuario.}},
url = {https://www.iiama.upv.es/iiama/src/elementos/Software/2/epanet/EN2Manual{\_}esp{\_}v20012{\_}ext.pdf},
year = {2017}
}

@article{Iglesias-2004,
abstract = {Articulo con soluciones para la red de hanoi},
author = {{Iglesias Rey}, Pedro L. and Martinez-Solano, F. Javier and Fuertes-Miquel, Vicente S. and P{\'{e}}rez-Garc{\'{i}}a, Rafael},
file = {:C$\backslash$:/Users/gsanh/Documents/Mendeley Desktop/Edson Leite Ribeiro - 2004 - Algoritmo Gen{\'{e}}tico Modificado para el Dise{\~{n}}o de redes de abastecimiento.pdf:pdf},
journal = {IV Semin{\'{a}}rio Hispano-Brasileiro sobre Sistemas de Abastecimento Urbano de {\'{A}}gua},
keywords = {algoritmos gen{\'{e}}ticos,dise{\~{n}}o,fiabilidad,redes},
mendeley-groups = {Memoria/Material profe guia,Memoria/Referencias Usadas Doc Final,Memoria/Referencias Usadas Doc Final/Water Network,Memoria/Documento de requisitos},
number = {May 2014},
pages = {1--16},
title = {{Algoritmo gen{\'{e}}tico modificado para dise{\~{n}}o de redes de abastecimiento de agua}},
year = {2004}
}
