@article{Edwin2017,
	abstract = {ISSN: 2386-3781 (Print) 2529-8968 (Online) Journal homepage: http://www.tandfonline.com/loi/trib20 RESUMEN Las redes de distribuci{\'{o}}n de agua son un sistema que busca llevar este l{\'{i}}quido vital a cada usuario seg{\'{u}}n la funci{\'{o}}n de su uso. La infraestructura necesaria para llevar a cabo este objetivo requiere una inversi{\'{o}}n financiera significativa; por lo tanto, proveer el dise{\~{n}}o {\'{o}}ptimo de estas redes es muy importante. No solo el aspecto econ{\'{o}}mico es primordial; adem{\'{a}}s de {\'{e}}l, hay otros como el comportamiento hidr{\'{a}}ulico, que se refiere a las presiones y velocidades m{\'{a}}ximas, la disponibilidad de tuber{\'{i}}as, la calidad del agua, la distribuci{\'{o}}n de la demanda, la fiabilidad de la red, el funciona-miento del sistema, los que complican a{\'{u}}n m{\'{a}}s un an{\'{a}}lisis integral conducente a un dise{\~{n}}o {\'{o}}ptimo. La optimizaci{\'{o}}n de una red de agua, por su complejidad, est{\'{a}} asociada al problema combinatorio llamado NP-Duro, lo que significa que no es posible utilizar un m{\'{e}}todo determin{\'{i}}stico para resolverlo, sino que requiere de metodolog{\'{i}}as especiales que haciendo uso de un tiempo compu-tacional razonable permita obtener una configuraci{\'{o}}n de di{\'{a}}metros que cumpla con las limitaciones (velocidad y presi{\'{o}}n), as{\'{i}} como en alcanzar valores aceptables en los objetivos que se buscan (menor costo y mayor confiabilidad). El uso de algoritmos gen{\'{e}}ticos multiobjetivos permite solucionar este tipo de problemas combinatorios NP-Duro; consecuentemente, optimiza una red de agua. Para encontrar un conjunto {\'{o}}ptimo de soluciones, se desarroll{\'{o}} un programa de ordenador llamado Magmoredes, que se basa en el uso de un microalgoritmo gen{\'{e}}tico multiobjetivo, pro-puesto por Coello y Toscano [1], adaptado para la aplicaci{\'{o}}n de redes de distribuci{\'{o}}n de agua, que fue desarrollado para cumplir con las exigencias econ{\'{o}}micas, y bajo los l{\'{i}}mites de presi{\'{o}}n y velocidad seg{\'{u}}n la normativa peruana. El programa de ordenador se ha desarrollado en el lenguaje de programaci{\'{o}}n Java. Finalmente se procedi{\'{o}} a comprobar la eficacia del algoritmo propuesto en la red de Hanoi (Fujiwara y Khang, [2]). Se trata de una red que tiene una sola fuente, con tres circuitos b{\'{a}}sicos, treinta y uno nodos, un reservorio y treinta y cuatro tuber{\'{i}}as. Los nodos se encuentran en la misma elevaci{\'{o}}n y no se consideran las p{\'{e}}rdidas menores en las tuber{\'{i}}as.},
	author = {Edwin, Pino V. and Angely, Valle C. and Franz, Condori P. and Jesus, Mejia M. and Eduardo, Chavarri V. and Luis, Alfaro R.},
	doi = {10.1080/23863781.2017.1317087},
	file = {:G$\backslash$:/Dropbox/Gabriel Sanhueza/ref/Dise{\~{n}}o {\'{O}}ptimo de Redes de Distribuci{\'{o}}n de Agua Usando Un Software Basado En Microalgoritmos Gen ticos Multiobjetivos.pdf:pdf},
	issn = {2386-3781},
	journal = {Ribagua},
	keywords = {,Agua,algoritmos gen{\'{e}}ticos,multiobjetivo,optimizaci{\'{o}}n,redes de agua},
	mendeley-groups = {Memoria,Memoria/Trabajos relacionados,Memoria/Referencias Usadas},
	number = {1},
	pages = {6--23},
	publisher = {Routledge},
	title = {{Dise{\~{n}}o {\'{O}}ptimo de Redes de Distribuci{\'{o}}n de Agua Usando Un Software Basado En Microalgoritmos Gen{\'{e}}ticos Multiobjetivos}},
	url = {https://doi.org/10.1080/23863781.2017.1317087},
	volume = {4},
	year = {2017}
}
@book{Lopez2013,
	address = {La Plata, ARGENTINA},
	author = {L{\'{o}}pez, Javier},
	mendeley-groups = {Memoria,Memoria/Referencias Usadas},
	publisher = {D - Editorial de la Universidad Nacional de La Plata},
	title = {{Optimizaci{\'{o}}n multi-objetivo: aplicaciones a problemas del mundo real}},
	url = {http://ebookcentral.proquest.com/lib/utalcasp/detail.action?docID=4499378},
	year = {2013}
}
@article{Mitchell2009,
	abstract = {The objective of this study is to present a body of evidence that will assist software project managers to make informed choices about software development approaches for their projects. In particular, two broadly defined competing approaches, the traditional "waterfall" approach and iterative and incremental development (IID), are compared with regards to development cost and duration, and resulting product quality. The method used for this comparison is a systematic literature review. The small set of studies we located did not demonstrate any identifiable cost, duration, or quality trends, although there was some evidence suggesting the superiority of IID (in particular XP). The results of this review indicate that further empirical studies, both quantitative and qualitative, on this topic need to be undertaken. In order to effectively compare study results, the research community needs to reach a consensus on a set of comparable parameters that best assess cost, duration, and quality. {\textcopyright} 2009 IEEE.},
	author = {Mitchell, Susan M. and Seaman, Carolyn B.},
	doi = {10.1109/ESEM.2009.5314228},
	file = {:G$\backslash$:/Dropbox/Gabriel Sanhueza/ref/05314228.pdf:pdf},
	isbn = {9781424448418},
	journal = {2009 3rd International Symposium on Empirical Software Engineering and Measurement, ESEM 2009},
	mendeley-groups = {Memoria,Memoria/Referencias Usadas},
	number = {February 2008},
	pages = {511--515},
	publisher = {IEEE},
	title = {{A comparison of software cost, duration, and quality for waterfall vs. iterative and incremental development: A systematic review}},
	year = {2009}
}
@article{Martin1999,
	author = {Martin, Robert C},
	file = {:G$\backslash$:/Dropbox/Gabriel Sanhueza/ref/IIDII.pdf:pdf},
	journal = {Design},
	mendeley-groups = {Memoria,Memoria/Referencias Usadas},
	number = {Iid},
	title = {{Iterative and Incremental Development ( IID )}},
	year = {1999}
}
@article{Alshamrani2015,
	abstract = {The computer has become indispensable in today's life, and it is widely used in many fields of life such as commerce, education, industry{\ldots}etc. The computer saves time in regarding to help solving complex, long, repeated processes in a short time and high speed. As the software programs need to handle these features, many companies produce software programs to facilitate the works for administrations, banks, offices, etc. Moreover, software has been in used for analyzing information or solving problems for more than four decades. Creating a suitable work to develop programs of high quality is the main goal of the software engineering. Usually, clients seek the assistance from computer and software engineers to solve and handle their problems. There are various models have been widely in used to develop software products. Common models will be described in this paper.},
	author = {Alshamrani, Adel and Bahattab, Abdullah},
	file = {:G$\backslash$:/Dropbox/Gabriel Sanhueza/ref/A{\_}Comparison{\_}Between{\_}Three{\_}SDLC{\_}Models{\_}W.pdf:pdf},
	journal = {IJCSI International Journal of Computer Science Issues},
	keywords = {a sequence of,all sdlc models that,have been suggested,iterative model,model,moreover,sdlc models,share basic properties,software engineering,spiral model,they all consist of,waterfall},
	mendeley-groups = {Memoria,Memoria/Referencias Usadas},
	number = {1},
	pages = {106--111},
	title = {{A Comparison Between Three SDLC Models Waterfall Model, Spiral Model, and Incremental/Iterative Model}},
	url = {https://www.academia.edu/10793943/A{\_}Comparison{\_}Between{\_}Three{\_}SDLC{\_}Models{\_}Waterfall{\_}Model{\_}Spiral{\_}Model{\_}and{\_}Incremental{\_}Iterative{\_}Model},
	volume = {12},
	year = {2015}
}
@article{Doctoral2012,
	author = {Doctoral, Tesis},
	file = {:G$\backslash$:/Dropbox/Gabriel Sanhueza/ref/tesisUPV3875.pdf:pdf},
	mendeley-groups = {Memoria,Memoria/Referencias Usadas},
	title = {{DISE{\~{N}}O DE REDES DE DISTRIBUCI{\'{O}}N DE AGUA MEDIANTE ALGORITMOS EVOLUTIVOS. AN{\'{A}}LISIS DE EFICIENCIA.}},
	year = {2012}
}
@article{Victor2003,
	author = {Victor, R},
	doi = {10.1109/MC.2003.1204375},
	file = {:G$\backslash$:/Dropbox/Gabriel Sanhueza/ref/history-of-iterative-larman-and-basili-ieee-computer.pdf:pdf},
	isbn = {0018-9162},
	issn = {0018-9162},
	mendeley-groups = {Memoria,Memoria/Referencias Usadas},
	pmid = {7665939},
	title = {{Iterative and Incremental Development: A Brief History}},
	year = {2003}
}
@article{Bentley2017,
	author = {Bentley},
	file = {:G$\backslash$:/Dropbox/Gabriel Sanhueza/ref/PDS{\_}WaterGEMS{\_}LTR{\_}ES{\_}LR.pdf:pdf},
	isbn = {6104585000},
	keywords = {activos,analizar los,caudales de agua contraincendios,construcci{\'{o}}n de modelos geoespaciales,de distribuci{\'{o}}n agua que,de interoperabilidad,o la concentraci{\'{o}}n de,ofrece herramientas avanzadas,optimizaci{\'{o}}n y gesti{\'{o}}n de,ya se trate de},
	mendeley-groups = {Memoria/Trabajos relacionados,Memoria/Referencias Usadas,Memoria},
	title = {{WaterGEMS{\textregistered} CONNECT Edition}},
	url = {https://www.bentley.com/-/media/0304F78F2BBB45698A0D831B83D20D74.ashx},
	year = {2017}
}
@article{Yang2015,
	author = {Yang, Xin She},
	doi = {10.4249/scholarpedia.11472},
	file = {:G$\backslash$:/Dropbox/Gabriel Sanhueza/ref/MetaheuristicOptimization-Scholarpedia.pdf:pdf},
	mendeley-groups = {Memoria,Memoria/Referencias Usadas},
	number = {2011},
	pages = {1--17},
	title = {{Metaheuristic Optimization What is Metaheuristic Optimization}},
	volume = {6},
	year = {2015}
}
@article{Heiss-Czedik1997,
	abstract = {Genetic algorithms have been used in science and engineering as adaptive algorithms for solving practical problems and as computational models of natural evolutionary systems. This brief, accessible introduction describes some of the most interesting research in the field and also enables readers to implement and experiment with genetic algorithms on their own. It focuses in depth on a small set of important and interesting topics-particularly in machine learning, scientific modeling, and artificial life-and reviews a broad span of research, including the work of Mitchell and her colleagues. The descriptions of applications and modeling projects stretch beyond the strict boundaries of computer science to include dynamical systems theory, game theory, molecular biology, ecology, evolutionary biology, and population genetics.},
	author = {Heiss-Czedik, Dorothea},
	doi = {10.1162/artl.1997.3.63},
	file = {:G$\backslash$:/Dropbox/Gabriel Sanhueza/ref/An{\_}introduction{\_}to{\_}genetic{\_}algorithms.pdf:pdf},
	issn = {1064-5462},
	journal = {Artificial Life},
	mendeley-groups = {Memoria,Memoria/Referencias Usadas},
	number = {1},
	pages = {63--65},
	title = {{An Introduction to Genetic Algorithms.}},
	volume = {3},
	year = {1997}
}
@book{Rossman2017,
	author = {Rossman, Lewis},
	file = {:G$\backslash$:/Dropbox/Gabriel Sanhueza/ref/EN2Manual{\_}esp{\_}v20012{\_}ext.pdf:pdf},
	isbn = {978-84-697-2429-3},
	mendeley-groups = {Memoria,Memoria/Referencias Usadas},
	pages = {282},
	title = {{EPANET 2.0 en Espa{\~{n}}ol. Analisis Hidraulico y de Calidad del Agua en Redes de Distribuci{\'{o}}n de Agua. Manual del Usuario.}},
	url = {https://www.iiama.upv.es/iiama/src/elementos/Software/2/epanet/EN2Manual{\_}esp{\_}v20012{\_}ext.pdf},
	year = {2017}
}

@book{Sommerville2010,
	abstract = {The book presents a broad perspective on software systems engineering, concentrating on widely used techniques for developing large-scale systems. Building on the widely acclaimed strengths of the 8th edition, the 9th edition updates readers with the latest developments in the field while remaining the most current Software Engineering text in the market with quality trusted coverage and practical case studies. This text is structured into 6 parts: Introduction; Requirements Engineering; Design; Software Development; Verification and Validation; Management. An up-to-date reference for software engineers.},
	author = {Sommerville, Ian},
	booktitle = {Software Engineering},
	doi = {10.1111/j.1365-2362.2005.01463.x},
	file = {:G$\backslash$:/OneDrive - Universidad de Talca/Materiales Universitarios/Metodologia y Planificacion/Sommerville - Software Engineering 9ed.pdf:pdf},
	isbn = {9780137035151},
	issn = {0014-2972},
	mendeley-groups = {Memoria,Memoria/Referencias Usadas},
	pages = {56--81},
	pmid = {15667577},
	title = {{Software Engineering}},
	year = {2010}
}

%% trabajos relacionados
@article{Edwin2017,
	abstract = {ISSN: 2386-3781 (Print) 2529-8968 (Online) Journal homepage: http://www.tandfonline.com/loi/trib20 RESUMEN Las redes de distribuci{\'{o}}n de agua son un sistema que busca llevar este l{\'{i}}quido vital a cada usuario seg{\'{u}}n la funci{\'{o}}n de su uso. La infraestructura necesaria para llevar a cabo este objetivo requiere una inversi{\'{o}}n financiera significativa; por lo tanto, proveer el dise{\~{n}}o {\'{o}}ptimo de estas redes es muy importante. No solo el aspecto econ{\'{o}}mico es primordial; adem{\'{a}}s de {\'{e}}l, hay otros como el comportamiento hidr{\'{a}}ulico, que se refiere a las presiones y velocidades m{\'{a}}ximas, la disponibilidad de tuber{\'{i}}as, la calidad del agua, la distribuci{\'{o}}n de la demanda, la fiabilidad de la red, el funciona-miento del sistema, los que complican a{\'{u}}n m{\'{a}}s un an{\'{a}}lisis integral conducente a un dise{\~{n}}o {\'{o}}ptimo. La optimizaci{\'{o}}n de una red de agua, por su complejidad, est{\'{a}} asociada al problema combinatorio llamado NP-Duro, lo que significa que no es posible utilizar un m{\'{e}}todo determin{\'{i}}stico para resolverlo, sino que requiere de metodolog{\'{i}}as especiales que haciendo uso de un tiempo compu-tacional razonable permita obtener una configuraci{\'{o}}n de di{\'{a}}metros que cumpla con las limitaciones (velocidad y presi{\'{o}}n), as{\'{i}} como en alcanzar valores aceptables en los objetivos que se buscan (menor costo y mayor confiabilidad). El uso de algoritmos gen{\'{e}}ticos multiobjetivos permite solucionar este tipo de problemas combinatorios NP-Duro; consecuentemente, optimiza una red de agua. Para encontrar un conjunto {\'{o}}ptimo de soluciones, se desarroll{\'{o}} un programa de ordenador llamado Magmoredes, que se basa en el uso de un microalgoritmo gen{\'{e}}tico multiobjetivo, pro-puesto por Coello y Toscano [1], adaptado para la aplicaci{\'{o}}n de redes de distribuci{\'{o}}n de agua, que fue desarrollado para cumplir con las exigencias econ{\'{o}}micas, y bajo los l{\'{i}}mites de presi{\'{o}}n y velocidad seg{\'{u}}n la normativa peruana. El programa de ordenador se ha desarrollado en el lenguaje de programaci{\'{o}}n Java. Finalmente se procedi{\'{o}} a comprobar la eficacia del algoritmo propuesto en la red de Hanoi (Fujiwara y Khang, [2]). Se trata de una red que tiene una sola fuente, con tres circuitos b{\'{a}}sicos, treinta y uno nodos, un reservorio y treinta y cuatro tuber{\'{i}}as. Los nodos se encuentran en la misma elevaci{\'{o}}n y no se consideran las p{\'{e}}rdidas menores en las tuber{\'{i}}as.},
	author = {Edwin, Pino V. and Angely, Valle C. and Franz, Condori P. and Jesus, Mejia M. and Eduardo, Chavarri V. and Luis, Alfaro R.},
	doi = {10.1080/23863781.2017.1317087},
	file = {:G$\backslash$:/Dropbox/Gabriel Sanhueza/ref/Dise{\~{n}}o {\'{O}}ptimo de Redes de Distribuci{\'{o}}n de Agua Usando Un Software Basado En Microalgoritmos Gen ticos Multiobjetivos.pdf:pdf},
	issn = {2386-3781},
	journal = {Ribagua},
	keywords = {,Agua,algoritmos gen{\'{e}}ticos,multiobjetivo,optimizaci{\'{o}}n,redes de agua},
	mendeley-groups = {Memoria,Memoria/Trabajos relacionados,Memoria/Referencias Usadas},
	number = {1},
	pages = {6--23},
	publisher = {Routledge},
	title = {{Dise{\~{n}}o {\'{O}}ptimo de Redes de Distribuci{\'{o}}n de Agua Usando Un Software Basado En Microalgoritmos Gen{\'{e}}ticos Multiobjetivos}},
	url = {https://doi.org/10.1080/23863781.2017.1317087},
	volume = {4},
	year = {2017}
}
@article{Bentley2017,
	author = {Bentley},
	file = {:G$\backslash$:/Dropbox/Gabriel Sanhueza/ref/PDS{\_}WaterGEMS{\_}LTR{\_}ES{\_}LR.pdf:pdf},
	isbn = {6104585000},
	keywords = {activos,analizar los,caudales de agua contraincendios,construcci{\'{o}}n de modelos geoespaciales,de distribuci{\'{o}}n agua que,de interoperabilidad,o la concentraci{\'{o}}n de,ofrece herramientas avanzadas,optimizaci{\'{o}}n y gesti{\'{o}}n de,ya se trate de},
	mendeley-groups = {Memoria/Trabajos relacionados,Memoria/Referencias Usadas,Memoria},
	title = {{WaterGEMS{\textregistered} CONNECT Edition}},
	url = {https://www.bentley.com/-/media/0304F78F2BBB45698A0D831B83D20D74.ashx},
	year = {2017}
}
